@article{einstein,
    author =       "Albert Einstein",
    title =        "{Zur Elektrodynamik bewegter K{\"o}rper}. ({German})
        [{On} the electrodynamics of moving bodies]",
    journal =      "Annalen der Physik",
    volume =       "322",
    number =       "10",
    pages =        "891--921",
    year =         "1905",
    DOI =          "http://dx.doi.org/10.1002/andp.19053221004"
}

@book{sudoku_book,
    author    = "Terry Stickels with Anthiny Immanuvel",
    title     = "Sudoku",
    year      = "2011",
    publisher = "Charlesbridge",
    address   = "WaterTown, Massachusetts"
}
@book{algorithms_book,
    author    = "Robert Sedgewick",
    title     = "Algorithms",
    year      = "1983",
    publisher = "Addison-Wesley",
    address   = "Reading, Massachusetts",
    chapter        = 39,
}
@misc{wikimedia_sudoku_image,
    author    = "Tim Stellmach",
    title     = "Sudoku layout",
    date       = "12 September 2006",
    url       = "https://commons.wikimedia.org/wiki/File:Sudoku-by-L2G-20050714.svg"
}
@article{scipy,
  author  = {Virtanen, Pauli and Gommers, Ralf and Oliphant, Travis E. and
            Haberland, Matt and Reddy, Tyler and Cournapeau, David and
            Burovski, Evgeni and Peterson, Pearu and Weckesser, Warren and
            Bright, Jonathan and {van der Walt}, St{\'e}fan J. and
            Brett, Matthew and Wilson, Joshua and Millman, K. Jarrod and
            Mayorov, Nikolay and Nelson, Andrew R. J. and Jones, Eric and
            Kern, Robert and Larson, Eric and Carey, C J and
            Polat, {\.I}lhan and Feng, Yu and Moore, Eric W. and
            {VanderPlas}, Jake and Laxalde, Denis and Perktold, Josef and
            Cimrman, Robert and Henriksen, Ian and Quintero, E. A. and
            Harris, Charles R. and Archibald, Anne M. and
            Ribeiro, Ant{\^o}nio H. and Pedregosa, Fabian and
            {van Mulbregt}, Paul and {SciPy 1.0 Contributors}},
  title   = {{{SciPy} 1.0: Fundamental Algorithms for Scientific
            Computing in Python}},
  journal = {Nature Methods},
  year    = {2020},
  volume  = {17},
  pages   = {261--272},
  adsurl  = {https://rdcu.be/b08Wh},
  doi     = {10.1038/s41592-019-0686-2},
}

@misc{hackernoon_backtracking,
    author    = "Shirsh Zibbu",
    title     = "Sudoku and Backtracking",
    date       = "1 June 2018",
    url       = "https://hackernoon.com/sudoku-and-backtracking-6613d33229af"
}

@article{backtracking_paper,
  author          = "H.A. Priestley and M.P. Ward",
  title           = "A Multipurpose Backtracking Algorithm",
  journal         = "Journal of Symbolic Computation",
  volume          = "July 1994",
  year            = "1994"
}